@inproceedings{vu2015dfdl,
  title={DFDL: Discriminative feature-oriented dictionary learning for histopathological image classification},
  author={Vu, Tiep H and Mousavi, Hojjat S and Monga, Vishal and Rao, UK Arvind and Rao, Ganesh},
  booktitle={2015 IEEE 12th International Symposium on Biomedical Imaging (ISBI)},
  pages={990--994},
  year={2015},
  organization={IEEE}
}

@article{vu2016histopathological,
  title={Histopathological image classification using discriminative feature-oriented dictionary learning},
  author={Vu, Tiep Huu and Mousavi, Hojjat Seyed and Monga, Vishal and Rao, Ganesh and Rao, UK Arvind},
  journal={IEEE transactions on medical imaging},
  volume={35},
  number={3},
  pages={738--751},
  year={2016},
  publisher={IEEE}
}

@article{einstein,
    author        = {Albert Einstein},
    title         = {Zur Elektrodynamik bewegter K{\"o}rper. (German) [On the electrodynamics of moving bodies]},
    journaltitle  = {Annalen der Physik},
    year          = {1905},
    volume        = {322},
    number        = {10},
    pages         = {891-921},
    doi           = {http://dx.doi.org/10.1002/andp.19053221004}
}

@online{knuthwebsite,
    author        = {Donald Knuth},
    title         = {Knuth: Computers and Typesetting},
    year          = {1984},
    url           = {http://www-cs-faculty.stanford.edu/~uno/abcde.html}
}

@book{latexcompanion,
    author        = {Michel Goossens and Frank Mittelbach and Alexander Samarin},
    title         = {The \LaTeX\ Companion},
    year          = {1993},
    publisher     = {Addison-Wesley},
    location      = {Reading, Massachusetts}
}