@book{goossens97,
   author = "Goossens, Michel and Rahtz, Sebastian and
             Mittelbach, Frank",
   title = "The \LaTeX\ graphics companion: Tài liệu
            minh họa với \TeX\ và {PostScript}",
   publisher = "Addison Wesley Longman, Inc",
   year = 1997
}

@inproceedings{talbot97,
   author    = "Talbot, Nicola L. C. and Cawley, Gavin C.",
   title     = "Một giải thuật sắp xếp nhanh chỉ số về
                dữ liệu hình ảnh của vector robust lượng tử hóa",
   booktitle = "Proceedings of the I.E.E.E. Hội nghị
                Quốc tế về xử lý hình ảnh",
   address   = "Santa Barbara, California, USA",
   month     = oct,
   year      = 1997
}

@article{cawley96,
   author    = "Cawley, Gavin C. and Talbot, Nicola L. C.",
   title     = "Giải thuật sắp xếp nhanh cho vector 
                lượng tử hóa qua các kênh truyền nhiễu",
   journal   = "I.E.E. Electronic Letters",
   number    = 15,
   volume    = 32,
   pages     = "1343--1344",
   month     = jul,
   year      = 1996
}

@incollection{wainwright93,
   author    = "Wainwright, Robert B.",
   title     = "Độc tố từ những thực phẩm kém chất lượng ở miền nam",
   booktitle = "\emph{Clostridium botulinum}: Sinh thái 
                 và kiểm soát thực phẩm",
   chapter   = 12,
   pages     = "305--322",
   editor    = "Hauschild, Andreas H. W. and Dodds,
                Karen L.",
   publisher = "Marcel Dekker, Inc",
   year      = 1993
}
