@article{srivastava2014dropout,
  title={Dropout: a simple way to prevent neural networks from overfitting},
  author={Srivastava, Nitish and Hinton, Geoffrey and Krizhevsky, Alex and Sutskever, Ilya and Salakhutdinov, Ruslan},
  journal={The Journal of Machine Learning Research},
  volume={15},
  number={1},
  pages={1929--1958},
  year={2014},
  publisher={JMLR. org}
}
@misc{wiki@mlc,
    author = "{Wikipedia contributors}",
    title = "Multi-label classification --- {Wikipedia}{,} The Free Encyclopedia",
    year = "2018",
    url = "https://en.wikipedia.org/w/index.php?title=Multi-label_classification&oldid=871202283",
    note = "[Online; accessed 23-December-2018]"
}
@article{tsoumakas2007multi,
  title={Multi-label classification: An overview},
  author={Tsoumakas, Grigorios and Katakis, Ioannis},
  journal={International Journal of Data Warehousing and Mining (IJDWM)},
  volume={3},
  number={3},
  pages={1--13},
  year={2007},
  publisher={IGI Global}
}
@article{zhang2014review,
  title={A review on multi-label learning algorithms},
  author={Zhang, Min-Ling and Zhou, Zhi-Hua},
  journal={IEEE transactions on knowledge and data engineering},
  volume={26},
  number={8},
  pages={1819--1837},
  year={2014},
  publisher={IEEE}
}
@incollection{lecun1999object,
  title={Object recognition with gradient-based learning},
  author={LeCun, Yann and Haffner, Patrick and Bottou, L{\'e}on and Bengio, Yoshua},
  booktitle={Shape, contour and grouping in computer vision},
  pages={319--345},
  year={1999},
  publisher={Springer}
}
@article{schuster1997bidirectional,
  title={Bidirectional recurrent neural networks},
  author={Schuster, Mike and Paliwal, Kuldip K},
  journal={IEEE Transactions on Signal Processing},
  volume={45},
  number={11},
  pages={2673--2681},
  year={1997},
  publisher={IEEE}
}

@article{karpathy2016cs231n,
  title={Cs231n convolutional neural networks for visual recognition},
  author={Karpathy, Andrej},
  journal={Neural networks},
  volume={1},
  url={http://cs231n.github.io/},
  year={2016}
}
@article{ioffe2015batch,
  title={Batch normalization: Accelerating deep network training by reducing internal covariate shift},
  author={Ioffe, Sergey and Szegedy, Christian},
  journal={ICML},
  year={2015}
}

@article{kim2014convolutional,
  title={Convolutional neural networks for sentence classification},
  author={Kim, Yoon},
  journal={EMNLP},
  year={2014}
}
@article{zeiler2012adadelta,
  title={ADADELTA: an adaptive learning rate method},
  author={Zeiler, Matthew D},
  journal={CoRR, abs/1212.5701},
  year={2012}
}
@misc{khoatthan2015hocmay,
  title={Slide Học máy},
  author={TS. Thân Quang Khoát},
  year={2015}
}
@misc{mlcoban,
  title={Machine Leanring Cơ Bản},
  author={Vũ Hữu Tiệp},
  url={machinelearningcoban.com}
}
@inproceedings{liu2017deep,
  title={Deep learning for extreme multi-label text classification},
  author={Liu, Jingzhou and Chang, Wei-Cheng and Wu, Yuexin and Yang, Yiming},
  booktitle={Proceedings of the 40th International ACM SIGIR Conference on Research and Development in Information Retrieval},
  pages={115--124},
  year={2017},
  organization={ACM}
}
@misc{olah2015understanding,
  title={Understanding lstm networks},
  author={Olah, Christopher},
  year={2015}
}